
@inproceedings{Homayounfar,
	author    = {Namdar Homayounfar and
	Sanja Fidler and
	Raquel Urtasun},
	title     = {Sports Field Localization via Deep Structured Models},
	booktitle = {2017 {IEEE} Conference on Computer Vision and Pattern Recognition,
	{CVPR} 2017, Honolulu, HI, USA, July 21-26, 2017},
	pages     = {4012--4020},
	year      = {2017},
	crossref  = {DBLP:conf/cvpr/2017}
}


@article{Paszke,
	author    = {Adam Paszke and
	Abhishek Chaurasia and
	Sangpil Kim and
	Eugenio Culurciello},
	title     = {ENet: {A} Deep Neural Network Architecture for Real-Time Semantic
	Segmentation},
	journal   = {CoRR},
	year      = {2016}
}
